% text similarity application
@inproceedings{satpute2024taxonomy,
  title={Taxonomy of Mathematical Plagiarism},
  author={Satpute, Ankit and Greiner-Petter, Andr{\'e} and Gie{\ss}ing, Noah and Beckenbach, Isabel and Schubotz, Moritz and Teschke, Olaf and Aizawa, Akiko and Gipp, Bela},
  booktitle={European Conference on Information Retrieval},
  pages={12--20},
  year={2024},
  organization={Springer}
}
% the paper can be be found here: https://drive.google.com/file/d/1wXruQaC38rK-pQix4_suHidj8EVoqH_Y/view?usp=sharing
@inproceedings{steinfeldt2024evaluation,
  title={Evaluation and Domain Adaptation of Similarity Models for Short Mathematical Texts},
  author={Steinfeldt, Christian and Mihaljevi{\'c}, Helena},
  booktitle={International Conference on Intelligent Computer Mathematics},
  pages={241--260},
  year={2024},
  organization={Springer}
}


% Entity Linking 
@inproceedings{chen2023gladis,
  title={GLADIS: A General and Large Acronym Disambiguation Benchmark},
  author={Chen, Lihu and Varoquaux, Ga{\"e}l and Suchanek, Fabian M},
  booktitle={EACL 2023-The 17th Conference of the European Chapter of the Association for Computational Linguistics},
  year={2023}
}


%WSD
@inproceedings{bevilacqua2021recent,
  title={Recent trends in word sense disambiguation: A survey},
  author={Bevilacqua, Michele and Pasini, Tommaso and Raganato, Alessandro and Navigli, Roberto},
  booktitle={International Joint Conference on Artificial Intelligence},
  pages={4330--4338},
  year={2021},
  organization={International Joint Conference on Artificial Intelligence, Inc}
}

%TheoremKB
@inproceedings{mishra2024first,
  title={First steps in building a knowledge base of mathematical results},
  author={Mishra, Shrey and Brihmouche, Yacine and Delemazure, Theo and Gauquier, Antoine and Senellart, Pierre},
  booktitle={Proceedings of the Fourth Workshop on Scholarly Document Processing (SDP 2024)},
  pages={165--174},
  year={2024}
}
@inproceedings{mishraPS21,
  author       = {Shrey Mishra and
                  Lucas Pluvinage and
                  Pierre Senellart},
  editor       = {Patrick Healy and
                  Mihai Bilauca and
                  Alexandra Bonnici},
  title        = {Towards extraction of theorems and proofs in scholarly articles},
  booktitle    = {DocEng '21: {ACM} Symposium on Document Engineering 2021, Limerick,
                  Ireland, August 24-27, 2021},
  pages        = {25:1--25:4},
  publisher    = {{ACM}},
  year         = {2021},
  url          = {https://doi.org/10.1145/3469096.3475059},
  doi          = {10.1145/3469096.3475059},
}

%sentence embeddings
@inproceedings{reimers2019sentence,
    title = "Sentence-{BERT}: Sentence Embeddings using {S}iamese {BERT}-Networks",
    author = "Reimers, Nils  and
      Gurevych, Iryna",
    booktitle = "Proceedings of the 2019 Conference on Empirical Methods in Natural Language Processing and the 9th International Joint Conference on Natural Language Processing (EMNLP-IJCNLP)",
    month = nov,
    year = "2019",
    address = "Hong Kong, China",
    publisher = "Association for Computational Linguistics",
    url = "https://aclanthology.org/D19-1410",
    doi = "10.18653/v1/D19-1410",
    pages = "3982--3992"
}

@article{wang2020minilm,
  title={Minilm: Deep self-attention distillation for task-agnostic compression of pre-trained transformers},
  author={Wang, Wenhui and Wei, Furu and Dong, Li and Bao, Hangbo and Yang, Nan and Zhou, Ming},
  journal={Advances in Neural Information Processing Systems},
  volume={33},
  pages={5776--5788},
  year={2020}
}

@article{berliozargot2021,
	title = {{ArGoT}: {A} {Glossary} of {Terms} extracted from the {arXiv}},
	volume = {342},
	issn = {2075-2180},
	shorttitle = {{ArGoT}},
	url = {http://arxiv.org/abs/2109.02801v1},
	doi = {10.4204/EPTCS.342.2},
	language = {en},
	urldate = {2023-03-03},
	journal = {Electronic Proceedings in Theoretical Computer Science},
	author = {Berlioz, Luis},
	month = sep,
	year = {2021},
	pages = {14--21},
}

@article{auer2020orkg,
  title={Improving access to scientific literature with knowledge graphs},
  author={Auer, S{\"o}ren and Oelen, Allard and Haris, Muhammad and Stocker, Markus and Dâ€™Souza, Jennifer and Farfar, Kheir Eddine and Vogt, Lars and Prinz, Manuel and Wiens, Vitalis and Jaradeh, Mohamad Yaser},
  journal={Bibliothek Forschung und Praxis},
  volume={44},
  number={3},
  pages={516--529},
  year={2020},
  publisher={De Gruyter}
}
%definienda
@article{jiang2023extracting,
  title={Extracting Definienda in Mathematical Scholarly Articles with Transformers},
  author={Jiang, Shufan and Senellart, Pierre},
  journal={IJCNLP-AACL 2023},
  pages={31},
  year={2023}
}

%definition begin

%BLSTM
@inproceedings{ginev2020scientificbilstm,
  title={Scientific Statement Classification over arXiv. org}, 
  author={Ginev, Deyan and Miller, Bruce R},
  booktitle={Proceedings of the Twelfth Language Resources and Evaluation Conference},
  pages={1219--1226},
  year={2020}
}
@inproceedings{kang2020HEDDEx,
  title={Document-Level Definition Detection in Scholarly Documents: Existing Models, Error Analyses, and Future Directions},
  author={Kang, Dongyeop and Head, Andrew and Sidhu, Risham and Lo, Kyle and Weld, Daniel S and Hearst, Marti A},
  booktitle={Proceedings of the First Workshop on Scholarly Document Processing},
  pages={196--206},
  year={2020}
}

@phdthesis{berlioz2023hierarchical,
  title={Hierarchical Representations from Large Mathematical Corpora},
  author={Berlioz, Luis},
  year={2023},
  school={University of Pittsburgh}
}

@inproceedings{vanetik2020automatedlstmcnn,
  title={Automated discovery of mathematical definitions in text},
  author={Vanetik, Natalia and Litvak, Marina and Shevchuk, Sergey and Reznik, Lior},
  booktitle={Proceedings of the Twelfth Language Resources and Evaluation Conference},
  pages={2086--2094},
  year={2020}
}
@article{sun2023discoveringregex,
  title={Discovering Patterns of Definitions and Methods from Scientific Documents},
  author={Sun, Yutian and Zhuge, Hai},
  journal={arXiv preprint arXiv:2307.01216},
  year={2023}
}

@incollection{asperti_extraction_2004,
	address = {Berlin, Heidelberg},
	title = {Extraction of {Logical} {Structure} from {Articles} in {Mathematics}},
	volume = {3119},
	isbn = {978-3-540-23029-8 978-3-540-27818-4},
	url = {http://link.springer.com/10.1007/978-3-540-27818-4_20},
	language = {en},
	urldate = {2024-02-26},
	booktitle = {Mathematical {Knowledge} {Management}},
	publisher = {Springer Berlin Heidelberg},
	author = {Nakagawa, Koji and Nomura, Akihiro and Suzuki, Masakazu},
	editor = {Asperti, Andrea and Bancerek, Grzegorz and Trybulec, Andrzej},
	year = {2004},
	doi = {10.1007/978-3-540-27818-4_20},
	note = {Series Title: Lecture Notes in Computer Science},
	pages = {276--289},
}

%definition end


%wsd
@inproceedings{bevilacqua2021wsd,
  title={Recent trends in word sense disambiguation: A survey},
  author={Bevilacqua, Michele and Pasini, Tommaso and Raganato, Alessandro and Navigli, Roberto},
  booktitle={International Joint Conference on Artificial Intelligence},
  pages={4330--4338},
  year={2021},
  organization={International Joint Conference on Artificial Intelligence, Inc}
}

%berteries in maths
@inproceedings{jo2021notation,
  title={Modeling mathematical notation semantics in academic papers},
  author={Jo, Hwiyeol and Kang, Dongyeop and Head, Andrew and Hearst, Marti A},
  booktitle={Findings of the Association for Computational Linguistics: EMNLP 2021},
  pages={3102--3115},
  year={2021}
}

@inproceedings{devlin2019bert,
  title={BERT: Pre-training of Deep Bidirectional Transformers for Language Understanding},
  author={Devlin, Jacob and Chang, Ming-Wei and Lee, Kenton and Toutanova, Kristina},
  booktitle={Proceedings of the 2019 Conference of the North American Chapter of the Association for Computational Linguistics: Human Language Technologies, Volume 1 (Long and Short Papers)},
  pages={4171--4186},
  year={2019}
}

%naturalproofs
author={Sean Welleck and Jiacheng Liu and Ronan Le Bras and Hannaneh Hajishirzi and Yejin Choi and Kyunghyun Cho},
@inproceedings{welleck2021naturalproofs,
  title={NaturalProofs: Mathematical Theorem Proving in Natural Language},
  author={Sean Welleck and others},
  booktitle={Thirty-fifth Conference on Neural Information Processing Systems Datasets and Benchmarks Track (Round 1)},
  year={2021},
  url={https://openreview.net/forum?id=Jvxa8adr3iY}
}
@dataset{sean_welleck_2021_4902289,
  author       = {Sean Welleck and
                  Jiacheng Liu and
                  Ronan Le Bras and
                  Hannaneh Hajishirzi and
                  Yejin Choi and
                  Kyunghyun Cho},
  title        = {NaturalProofs Dataset},
  month        = jun,
  year         = 2021,
  publisher    = {Zenodo},
  version      = {2.0.0},
  doi          = {10.5281/zenodo.4902289},
  url          = {https://doi.org/10.5281/zenodo.4902289}
}

%intra identifier disamb
@inproceedings{asakura2024intra_identifier,
  title={What Is Needed for Intra-document Disambiguation of Math Identifiers?},
  author={Asakura, Takuto and Miyao, Yusuke},
  booktitle={Proceedings of the 2024 Joint International Conference on Computational Linguistics, Language Resources and Evaluation (LREC-COLING 2024)},
  pages={17500--17512},
  year={2024}
}


@misc{wikiteamwikiteam_2024,
	title = {WikiTeam},
    author={WikiTeam},
	copyright = {GPL-3.0},
	url = {https://github.com/WikiTeam/wikiteam},
	abstract = {Tools for downloading and preserving wikis. We archive wikis, from Wikipedia to tiniest wikis. As of 2024, WikiTeam has preserved more than 600,000 wikis.},
	urldate = {2024-10-27},
	note = {original-date: 2014-06-25T10:18:03Z},
	keywords = {archive-wikis, backup, digital-preservation, dump, export, mediawiki, python, wiki, wikipedia, wikiteam, xml},
}


@inproceedings{collard2024mathematical,
  title={Mathematical Entities: Corpora and Benchmarks},
  author={Collard, Jacob and De Paiva, Valeria and Subrahmanian, Eswaran},
  booktitle={Proceedings of the 2024 Joint International Conference on Computational Linguistics, Language Resources and Evaluation (LREC-COLING 2024)},
  pages={11080--11089},
  year={2024}
}

%blocks
@article{ergemlidze20193block2,
  title={$3 $-uniform hypergraphs without a cycle of length five},
  author={Ergemlidze, Beka and Gy{\H{o}}ri, Ervin and Methuku, Abhishek},
  journal={arXiv preprint arXiv:1902.06257},
  year={2019}
}
@article{kupin2011subtractionblock1,
  title={Subtraction division games},
  author={Kupin, Elizabeth},
  journal={arXiv preprint arXiv:1201.0171},
  year={2011}
}

%Paths
@article{kalayathankal2015operationspath1,
  title={Operations on Covering Numbers of Certain Graph Classes},
  author={Kalayathankal, Sunny Joseph and others},
  journal={arXiv preprint arXiv:1506.03251},
  year={2015}
}
@article{perera2012bipartitionpath2,
  title={Bipartition of graphs based on the normalized cut and spectral methods},
  author={Perera, KKKR and Mizoguchi, Yoshihiro},
  journal={arXiv preprint arXiv:1210.7253},
  year={2012}
}

@inproceedings{wolf-etal-2020-transformers,
    title = "Transformers: State-of-the-Art Natural Language Processing",
    author = "Thomas Wolf and Lysandre Debut and Victor Sanh and Julien Chaumond and Clement Delangue and Anthony Moi and Pierric Cistac and Tim Rault and RÃ©mi Louf and Morgan Funtowicz and Joe Davison and Sam Shleifer and Patrick von Platen and Clara Ma and Yacine Jernite and Julien Plu and Canwen Xu and Teven Le Scao and Sylvain Gugger and Mariama Drame and Quentin Lhoest and Alexander M. Rush",
    booktitle = "Proceedings of the 2020 Conference on Empirical Methods in Natural Language Processing: System Demonstrations",
    month = oct,
    year = "2020",
    address = "Online",
    publisher = "Association for Computational Linguistics",
    url = "https://www.aclweb.org/anthology/2020.emnlp-demos.6",
    pages = "38--45"
}

@article{paszke2019pytorch,
  title={Pytorch: An imperative style, high-performance deep learning library},
  author={Paszke, Adam and Gross, Sam and Massa, Francisco and Lerer, Adam and Bradbury, James and Chanan, Gregory and Killeen, Trevor and Lin, Zeming and Gimelshein, Natalia and Antiga, Luca and others},
  journal={Advances in neural information processing systems},
  volume={32},
  year={2019}
}

@article{scharpf2021towardswikiner,
  title={Towards explaining stem document classification using mathematical entity linking},
  author={Scharpf, Philipp and Schubotz, Moritz and Gipp, Bela},
  journal={arXiv preprint arXiv:2109.00954},
  year={2021}
}

@inproceedings{jiang2022choubert,
  title={ChouBERT: Pre-training french language model for crowdsensing with tweets in phytosanitary context},
  author={Jiang, Shufan and Angarita, Rafael and Cormier, St{\'e}phane and Orensanz, Julien and Rousseaux, Francis},
  booktitle={International Conference on Research Challenges in Information Science},
  pages={653--661},
  year={2022},
  organization={Springer}
}

@inproceedings{lo-wang-2020-s2orc,
    title = "{S}2{ORC}: The Semantic Scholar Open Research Corpus",
    author = "Lo, Kyle  and Wang, Lucy Lu  and Neumann, Mark  and Kinney, Rodney  and Weld, Daniel",
    booktitle = "Proceedings of the 58th Annual Meeting of the Association for Computational Linguistics",
    month = jul,
    year = "2020",
    address = "Online",
    publisher = "Association for Computational Linguistics",
    url = "https://www.aclweb.org/anthology/2020.acl-main.447",
    doi = "10.18653/v1/2020.acl-main.447",
    pages = "4969--4983"
}

%nli dataset
@inproceedings{bowman-etal-2015-large,
    title = "A large annotated corpus for learning natural language inference",
    author = "Bowman, Samuel R.  and
      Angeli, Gabor  and
      Potts, Christopher  and
      Manning, Christopher D.",
    editor = "M{\`a}rquez, Llu{\'\i}s  and
      Callison-Burch, Chris  and
      Su, Jian",
    booktitle = "Proceedings of the 2015 Conference on Empirical Methods in Natural Language Processing",
    month = sep,
    year = "2015",
    address = "Lisbon, Portugal",
    publisher = "Association for Computational Linguistics",
    url = "https://aclanthology.org/D15-1075",
    doi = "10.18653/v1/D15-1075",
    pages = "632--642",
}

%multi nli datase
@inproceedings{williams-etal-2018-broad,
    title = "A Broad-Coverage Challenge Corpus for Sentence Understanding through Inference",
    author = "Williams, Adina  and
      Nangia, Nikita  and
      Bowman, Samuel",
    editor = "Walker, Marilyn  and
      Ji, Heng  and
      Stent, Amanda",
    booktitle = "Proceedings of the 2018 Conference of the North {A}merican Chapter of the Association for Computational Linguistics: Human Language Technologies, Volume 1 (Long Papers)",
    month = jun,
    year = "2018",
    address = "New Orleans, Louisiana",
    publisher = "Association for Computational Linguistics",
    url = "https://aclanthology.org/N18-1101",
    doi = "10.18653/v1/N18-1101",
    pages = "1112--1122",
}


@misc{vaswani2023attentionneed,
      title={Attention Is All You Need}, 
      author={Ashish Vaswani and Noam Shazeer and Niki Parmar and Jakob Uszkoreit and Llion Jones and Aidan N. Gomez and Lukasz Kaiser and Illia Polosukhin},
      year={2023},
      eprint={1706.03762},
      archivePrefix={arXiv},
      primaryClass={cs.CL},
      url={https://arxiv.org/abs/1706.03762}, 
}

@inproceedings{koch2015siamese,
  title={Siamese neural networks for one-shot image recognition},
  author={Koch, Gregory and Zemel, Richard and Salakhutdinov, Ruslan and others},
  booktitle={ICML deep learning workshop},
  volume={2},
  number={1},
  pages={1--30},
  year={2015},
  organization={Lille}
}
